<?xml version="1.0" encoding="UTF-8"?><collection xmlns="http://www.loc.gov/MARC21/slim"><record><leader>00365nam--2200121-i-4500</leader><controlfield tag="001">000025414</controlfield><controlfield tag="002">20161230</controlfield><controlfield tag="005">20161230201035</controlfield><controlfield tag="008">060222s1000------------r-----000-0-eng-d</controlfield><datafield ind1=" " ind2=" " tag="100"><subfield code="a">Joseph, Al., Jaworski, I.D</subfield></datafield><datafield ind1=" " ind2=" " tag="245"><subfield code="a">Atomic energy. the story of nuclear science including many home experiments</subfield></datafield><datafield ind1=" " ind2=" " tag="260"><subfield code="a">London, Macmillan And Co.,Ltd., 1962, 218p</subfield></datafield><datafield ind1=" " ind2=" " tag="852"><subfield code="a">18839</subfield></datafield></record></collection>